@misc{marketcap,
    title={For First Time Bitcoin Accounts for Less Than Half of Market Cap of All Cryptocurrencies},
    author={Laura Shin},
    year={2017},
    month={May},
    howpublished={\url{https://www.forbes.com/sites/laurashin/2017/05/16/for-first-time-bitcoin-accounts-for-less-than-half-of-market-cap-of-all-cryptocurrencies/}}
}

@misc{bitcoin,
    title={Bitcoin: A peer-to-peer electronic cash system},
    author={Nakamoto, Satoshi},
    year={2008}
}

@article{bitcoinsoftware,
    title={Bitcoin open source implementation of P2P currency},
    author={Nakamoto, Satoshi},
    journal={P2P Foundation},
    volume={18},
    year={2009}
}

@inproceedings{backbone,
    title={The bitcoin backbone protocol: Analysis and applications},
    author={Garay, Juan and Kiayias, Aggelos and Leonardos, Nikos},
    booktitle={Annual International Conference on the Theory and
        Applications of Cryptographic Techniques},
    pages={281--310},
    year={2015},
    organization={Springer}
}

@misc{betterspv,
    year={2014},
    author={Sergio Demian Lerner},
    title={SmartSPV â€“ A better Simplified Payment Verification for Smartphones},
    howpublished={\url{https://bitslog.wordpress.com/2014/04/25/smartspv-a-better-simplified-payment-verification-for-smartphones/}}
}

@misc{spvmining,
    year={2015},
    month={July},
    title={Some Miners Generating Invalid Blocks},
    author={Bitcoin Core},
    howpublished={\url{https://bitcoin.org/en/alert/2015-07-04-spv-mining}}
}

@inproceedings{backbone2,
  title={The bitcoin backbone protocol with chains of variable difficulty},
  author={Garay, Juan and Kiayias, Aggelos and Leonardos, Nikos},
  booktitle={Annual International Cryptology Conference},
  pages={291--323},
  year={2017},
  organization={Springer}
}

@inproceedings{KLS,
    title={Proofs of Proofs of Work with Sublinear Complexity},
    author={Kiayias, Aggelos and Lamprou, Nikolaos and Stouka, Aikaterini-Panagiota},
    booktitle={International Conference on Financial Cryptography and Data Security},
    pages={61--78},
    year={2016},
    organization={Springer}
}

@article{bahack,
    title={Theoretical Bitcoin Attacks with less than Half of the
        Computational Power (draft)},
    author={Bahack, Lear},
    journal={arXiv preprint arXiv:1312.7013},
    year={2013}
}

@inproceedings{onscaling,
    title={On scaling decentralized blockchains},
    author={Croman, Kyle and Decker, Christian and Eyal, Ittay and Gencer, Adem Efe and Juels, Ari and Kosba, Ahmed and Miller, Andrew and Saxena, Prateek and Shi, Elaine and Sirer, Emin G{\"u}n and others},
    booktitle={International Conference on Financial Cryptography and Data Security},
    pages={106--125},
    year={2016},
    organization={Springer}
}

@article{sidechains,
    title={Enabling blockchain innovations with pegged sidechains},
    author={Back, Adam and Corallo, Matt and Dashjr, Luke and Friedenbach,
        Mark and Maxwell, Gregory and Miller, Andrew and Poelstra, Andrew
            and Tim{\'o}n, Jorge and Wuille, Pieter},
    journal={URL: http://www. opensciencereview.
        com/papers/123/enablingblockchain-innovations-with-pegged-sidechains},
    year={2014}
}

@misc{compactspv,
    year =	 {2014},
    author =	 {Mark Friedenbach},
    howpublished =
    {\url{https://www.mail-archive.com/bitcoin-development@lists.sourceforge.net/msg04318.html}},
    title={Compact SPV proofs via block headercommitments},
}

@article{pos,
    title =	 {On stake and consensus},
    author =	 {Poelstra, Andrew},
    year =	 {2015},
    howpublished = {\url{https://download.wpsoftware.net/bitcoin/pos.pdf}}
}

@article{rosenfeld,
    title={Analysis of hashrate-based double spending},
    author={Rosenfeld, Meni},
    journal={arXiv preprint arXiv:1402.2009},
    year={2014}
}

@inproceedings{catena,
    title={Catena: Efficient non-equivocation via Bitcoin},
    author={Tomescu, Alin and Devadas, Srinivas},
    booktitle={IEEE Symp. on Security and Privacy},
    year={2017}
}

@article{ethereum,
  title={Ethereum: A secure decentralised generalised transaction ledger},
  author={Wood, Gavin},
  journal={Ethereum Project Yellow Paper},
  volume={151},
  year={2014}
}

@article{vitalik,
  title={A next-generation smart contract and decentralized application platform},
  author={Buterin, Vitalik and others},
  journal={white paper},
  year={2014}
}

@inproceedings{BFM88,
  title={Non-interactive zero-knowledge and its applications},
  author={Blum, Manuel and Feldman, Paul and Micali, Silvio},
  booktitle={Proceedings of the twentieth annual ACM symposium on
      Theory of computing},
  pages={103--112},
  year={1988},
  organization={ACM}
}

@misc{tiernolan,
  Author = {Tier Nolan},
  Howpublished = {\url{bitcointalk.org}},
  Month = {May},
  Title = {{Alt chains and atomic transfers}},
  Year = {2013},
  Bdsk-Url-1 = {https://bitcointalk.org/index.php?topic=193281#msg2224949}
}

@article{daofork,
  title={Experiments in Algorithmic Governance: A history and ethnography of
      ``The DAO,'' a failed Decentralized Autonomous Organization},
  author={DuPont, Quinn},
  journal={Bitcoin and Beyond: Cryptocurrencies, Blockchains and Global Governance. Routledge},
  year={2017}
}

@misc{monerohardforks,
  title={A Formal Approach Towards Better Hard Fork Managemenet},
  year={2015},
  month={May},
  author={Riccardo Spagni},
  howpublished={\url{https://forum.getmonero.org/4/academic-and-technical/303/a-formal-approach-towards-better-hard-fork-management}},
}

@inproceedings{selfish,
  title={Majority is not enough: Bitcoin mining is vulnerable},
  author={Eyal, Ittay and Sirer, Emin G{\"u}n},
  booktitle={International conference on financial cryptography and data security},
  pages={436--454},
  year={2014},
  organization={Springer}
}

@inproceedings{pow,
  title={Pricing via processing or combatting junk mail},
  author={Dwork, Cynthia and Naor, Moni},
  booktitle={Annual International Cryptology Conference},
  pages={139--147},
  year={1992},
  organization={Springer}
}

@misc{hashcash,
  title={Hashcash-a denial of service counter-measure},
  author={Back, Adam and others},
  year={2002}
}

@article{uc0,
  title={Security and composition of multiparty cryptographic protocols},
  author={Canetti, Ran},
  journal={Journal of CRYPTOLOGY},
  volume={13},
  number={1},
  pages={143--202},
  year={2000},
  publisher={Springer}
}

@inproceedings{uc1,
  title={Universally composable security: A new paradigm for cryptographic protocols},
  author={Canetti, Ran},
  booktitle={Foundations of Computer Science, 2001. Proceedings. 42nd IEEE Symposium on},
  pages={136--145},
  year={2001},
  organization={IEEE}
}

@article{uc2,
  title={Security and composition of multiparty cryptographic protocols},
  author={Canetti, Ran},
  journal={Journal of CRYPTOLOGY},
  volume={13},
  number={1},
  pages={143--202},
  year={2000},
  publisher={Springer}
}

@inproceedings{RO,
  title={Random oracles are practical: A paradigm for designing efficient protocols},
  author={Bellare, Mihir and Rogaway, Phillip},
  booktitle={Proceedings of the 1st ACM conference on Computer and communications security},
  pages={62--73},
  year={1993},
  organization={ACM}
}

@inproceedings{sok,
  title={Sok: Research perspectives and challenges for bitcoin and cryptocurrencies},
  author={Bonneau, Joseph and Miller, Andrew and Clark, Jeremy and Narayanan, Arvind and Kroll, Joshua A and Felten, Edward W},
  booktitle={Security and Privacy (SP), 2015 IEEE Symposium on},
  pages={104--121},
  year={2015},
  organization={IEEE}
}

@book{princetonbook,
  title={Bitcoin and Cryptocurrency Technologies: A Comprehensive Introduction},
  author={Narayanan, Arvind and Bonneau, Joseph and Felten, Edward and Miller, Andrew and Goldfeder, Steven},
  year={2016},
  publisher={Princeton University Press}
}

@book{antonopoulosbook,
  title={Mastering Bitcoin: unlocking digital cryptocurrencies},
  author={Antonopoulos, Andreas M},
  year={2014},
  publisher={" O'Reilly Media, Inc."}
}

@online{highway,
  title={The high-value-hash highway, Bitcoin forum post},
  author={Miller, Andrew},
  year=2012,
  url={https://bitcointalk.org/index.php?topic=98986.0},
  urldate={2017-08-03}
}

@inproceedings{fruitchains,
  title={Fruitchains: A fair blockchain},
  author={Pass, Rafael and Shi, Elaine},
  booktitle={Proceedings of the ACM Symposium on Principles of Distributed Computing},
  pages={315--324},
  year={2017},
  organization={ACM}
}

@inproceedings{PSS,
  title={Analysis of the blockchain protocol in asynchronous networks},
  author={Pass, Rafael and Seeman, Lior and Shelat, Abhi},
  booktitle={Annual International Conference on the Theory and Applications of Cryptographic Techniques},
  pages={643--673},
  year={2017},
  organization={Springer}
}

@inproceedings{heilman2015eclipse,
  title={Eclipse Attacks on Bitcoin's Peer-to-Peer Network.},
  author={Heilman, Ethan and Kendler, Alison and Zohar, Aviv and Goldberg, Sharon},
  booktitle={USENIX Security Symposium},
  pages={129--144},
  year={2015}
}

@inproceedings{hijackingbitcoin,
  title =	 {Hijacking bitcoin: Routing attacks on
                  cryptocurrencies},
  author =	 {Apostolaki, Maria and Zohar, Aviv and Vanbever,
                  Laurent},
  booktitle =	 {Security and Privacy (SP), 2017 IEEE Symposium on},
  pages =	 {375--392},
  year =	 {2017},
  organization = {IEEE}
}

@inproceedings{sybil,
  title={The sybil attack},
  author={Douceur, John R},
  booktitle={International Workshop on Peer-to-Peer Systems},
  pages={251--260},
  year={2002},
  organization={Springer}
}

@inproceedings{merkle,
  title={A digital signature based on a conventional encryption function},
  author={Merkle, Ralph C},
  booktitle={Conference on the Theory and Application of Cryptographic Techniques},
  pages={369--378},
  year={1987},
  organization={Springer}
}

@article{skiplist,
  title={Skip lists: a probabilistic alternative to balanced trees},
  author={Pugh, William},
  journal={Communications of the ACM},
  volume={33},
  number={6},
  pages={668--676},
  year={1990},
  publisher={ACM}
}

@inproceedings{redballoons,
  title={On bitcoin and red balloons},
  author={Babaioff, Moshe and Dobzinski, Shahar and Oren, Sigal and Zohar, Aviv},
  booktitle={Proceedings of the 13th ACM conference on electronic commerce},
  pages={56--73},
  year={2012},
  organization={ACM}
}

@article{erc20,
  title={ERC-20 Token Standard. Sept. 2017},
  author={Vogelsteller, Fabian and Buterin, Vitalik},
  journal={URl: https://github.com/ethereum/EIPs/blob/master/EIPS/eip-20-tokenstandard.md},
  year={2015}
}

@article{velvet,
  title={(Short Paper) A Wild Velvet Fork Appears! Inclusive Blockchain Protocol Changes in Practice},
  author={Zamyatin, A and Stifter, N and Judmayer, A and Schindler, P and Weippl, E and Knottenbelt, W}
}
